<record><leader>00000cas a22000007a 4500</leader><controlfield tag="001">34140941</controlfield><controlfield tag="008">960206d19001901vaudr ne      0    0eng d</controlfield><datafield ind1=" " ind2=" " tag="010"><subfield code="a">sn 95067648 </subfield></datafield><datafield ind1=" " ind2=" " tag="040"><subfield code="a">NVK</subfield><subfield code="b">eng</subfield><subfield code="c">NVK</subfield><subfield code="d">OCLCQ</subfield><subfield code="d">OCLCF</subfield><subfield code="d">OCLCO</subfield></datafield><datafield ind1="1" ind2=" " tag="029"><subfield code="a">AU@</subfield><subfield code="b">000012204571</subfield></datafield><datafield ind1=" " ind2=" " tag="042"><subfield code="a">msc</subfield></datafield><datafield ind1=" " ind2=" " tag="043"><subfield code="a">n-us-va</subfield></datafield><datafield ind1="0" ind2=" " tag="130"><subfield code="a">Morning herald (Newport News, Va.)</subfield></datafield><datafield ind1="1" ind2="4" tag="245"><subfield code="a">The Morning herald.</subfield></datafield><datafield ind1=" " ind2=" " tag="260"><subfield code="a">Newport News, Va. :</subfield><subfield code="b">Newport News Pub. Co.,</subfield><subfield code="c">1900-1901.</subfield></datafield><datafield ind1=" " ind2=" " tag="300"><subfield code="a">v. :</subfield><subfield code="b">ill. ;</subfield><subfield code="c">61 cm.</subfield></datafield><datafield ind1=" " ind2=" " tag="310"><subfield code="a">Daily</subfield></datafield><datafield ind1="1" ind2=" " tag="362"><subfield code="a">Vol. 1, no. 1 (Apr. 3, 1900)-v. 11, no. 218 (Dec. 25, 1901).</subfield></datafield><datafield ind1=" " ind2=" " tag="530"><subfield code="a">Available on microfilm from Bell &amp; Howell, Micro Photo Div.</subfield></datafield><datafield ind1=" " ind2=" " tag="580"><subfield code="a">Merged with Evening times (Newport News, Va.) to form Times-herald (Newport News, Va. :1901).</subfield></datafield><datafield ind1=" " ind2="0" tag="651"><subfield code="a">Newport News (Va.)</subfield><subfield code="v">Newspapers.</subfield></datafield><datafield ind1=" " ind2="7" tag="655"><subfield code="a">Newspapers.</subfield><subfield code="2">fast</subfield><subfield code="0">(OCoLC)fst01423814</subfield></datafield><datafield ind1=" " ind2="7" tag="651"><subfield code="a">Virginia</subfield><subfield code="z">Newport News.</subfield><subfield code="2">fast</subfield><subfield code="0">(OCoLC)fst01205348</subfield></datafield><datafield ind1=" " ind2=" " tag="752"><subfield code="a">United States</subfield><subfield code="b">Virginia</subfield><subfield code="d">Newport News.</subfield></datafield><datafield ind1="1" ind2=" " tag="775"><subfield code="t">Evening times (Newport News, Va.)</subfield><subfield code="w">(DLC)sn 99066731</subfield></datafield><datafield ind1="1" ind2="4" tag="785"><subfield code="t">Evening times (Newport News, Va.)</subfield><subfield code="w">(DLC)sn 99066731</subfield></datafield><datafield ind1="1" ind2="4" tag="785"><subfield code="t">Times-herald (Newport News, Va. : 1901)</subfield><subfield code="w">(DLC)sn 99066704</subfield></datafield></record>